@inproceedings{Akiyama:2015:Pseudo,
	title={Pseudo four-channel image denoising for noisy CFA raw data},
	author={Akiyama, Hiroki and Tanaka, Masayuki and Okutomi, Masatoshi},
	booktitle={Image Processing (ICIP), 2015 IEEE International Conference on},
	pages={4778--4782},
	year={2015},
	organization={IEEE}
}
@article{Perez:2003:PIE,
	author = {P{\'e}rez, Patrick and Gangnet, Michel and Blake, Andrew},
	title = {Poisson Image Editing},
	journal = {ACM Trans. Graph.},
	issue_date = {July 2003},
	volume = {22},
	number = {3},
	month = jul,
	year = {2003},
	issn = {0730-0301},
	pages = {313--318},
	numpages = {6},
	url = {http://doi.acm.org/10.1145/882262.882269},
	doi = {10.1145/882262.882269},
	acmid = {882269},
	publisher = {ACM},
	address = {New York, NY, USA},
	keywords = {Poisson equation, guided interpolation, image gradient, interactive image editing, seamless cloning, selection editing},
} 

@inproceedings{Klatzer:2016:LDD,
	title={Learning joint demosaicing and denoising based on sequential energy minimization},
	author={Klatzer, Teresa and Hammernik, Kerstin and Knobelreiter, Patrick and Pock, Thomas},
	booktitle={Computational Photography (ICCP), 2016 IEEE International Conference on},
	pages={1--11},
	year={2016},
	organization={IEEE}
}

@article{Heide:2014:FFC,
	author = {Heide, Felix and Steinberger, Markus and Tsai, Yun-Ta and Rouf, Mushfiqur and Pajkak, Dawid and Reddy, Dikpal and Gallo, Orazio and Liu, Jing and Heidrich, Wolfgang and Egiazarian, Karen and Kautz, Jan and Pulli, Kari},
	title = {FlexISP A Flexible Camera Image Processing Framework},
	journal = {ACM Transaction on Graphics (Proceddings SIGGRAPH 2014)},
	issue_date = {August 2014},
	volume = {23},
	number = {3},
	month = aug,
	year = {2004},
	issn = {0730-0301},
	pages = {664--672},
	numpages = {9},
} 


@article{Buades:2009:SSD,
	title={Self-similarity driven color demosaicking},
	author={Buades, Antoni and Coll, Bartomeu and Morel, Jean-Michel and Sbert, Catalina},
	journal={IEEE Transactions on Image Processing},
	volume={18},
	number={6},
	pages={1192--1202},
	year={2009},
	publisher={IEEE}
}


@article{Hirakawa:2005:AHD,
	title={Adaptive homogeneity-directed demosaicing algorithm},
	author={Hirakawa, Keigo and Parks, Thomas W},
	journal={IEEE Transactions on Image Processing},
	volume={14},
	number={3},
	pages={360--369},
	year={2005},
	publisher={IEEE}
}


@inproceedings{Kiku:2013:RI,
	title={Residual interpolation for color image demosaicking},
	author={Kiku, Daisuke and Monno, Yusuke and Tanaka, Masayuki and Okutomi, Masatoshi},
	booktitle={Image Processing (ICIP), 2013 20th IEEE International Conference on},
	pages={2304--2308},
	year={2013},
	organization={IEEE}
}


@inproceedings{Plotz:2017:BDA,
	title={Benchmarking denoising algorithms with real photographs},
	author={Pl{\"o}tz, Tobias and Roth, Stefan},
	booktitle={Computer Vision and Pattern Recognition (CVPR)},
	year=2017,
	organization={IEEE}
}


@article{Petschnigg:2004:FNF,
 author = {Petschnigg, Georg and Szeliski, Richard and Agrawala, Maneesh and Cohen, Michael and Hoppe, Hugues and Toyama, Kentaro},
 title = {Digital Photography with Flash and No-flash Image Pairs},
 journal = {ACM Transaction on Graphics (Proceddings SIGGRAPH 2004)},
 issue_date = {August 2004},
 volume = {23},
 number = {3},
 month = aug,
 year = {2004},
 issn = {0730-0301},
 pages = {664--672},
 numpages = {9},
 url = {http://doi.acm.org/10.1145/1015706.1015777},
 doi = {10.1145/1015706.1015777},
 acmid = {1015777},
 publisher = {ACM},
 address = {New York, NY, USA},
 keywords = {Noise removal, bilateral filtering, detail transfer, flash photography, image fusion, image processing, red-eye removal, sharpening, white balancing},
} 

@inproceedings{Liu:2010:HVD,
	title={A high-quality video denoising algorithm based on reliable motion estimation},
	author={Liu, Ce and Freeman, William T},
	booktitle={European Conference on Computer Vision},
	pages={706--719},
	year={2010},
	organization={Springer}
}


@inproceedings{Zhuo:2010:ELL,
	title={Enhancing low light images using near infrared flash images},
	author={Zhuo, Shaojie and Zhang, Xiaopeng and Miao, Xiaoping and Sim, Terence},
	booktitle={Image Processing (ICIP), 2010 17th IEEE International Conference on},
	pages={2537--2540},
	year={2010},
	organization={IEEE}
}

@article{Fattal:2007:MSD,
	title={Multiscale shape and detail enhancement from multi-light image collections},
	author={Fattal, Raanan and Agrawala, Maneesh and Rusinkiewicz, Szymon},
	journal={ACM Transactions on Graphics (Proceddings SIGGRAPH 2007)},
	volume={26},
	number={3},
	pages={51},
	year={2007},
	publisher={Citeseer}
}


@article{Dabov:2007:BM3D,
	title={Image denoising by sparse 3-D transform-domain collaborative filtering},
	author={Dabov, Kostadin and Foi, Alessandro and Katkovnik, Vladimir and Egiazarian, Karen},
	journal={IEEE Transactions on image processing},
	volume={16},
	number={8},
	pages={2080--2095},
	year={2007},
	publisher={IEEE}
}


@inproceedings{Luo:2013:ANL,
	title={Adaptive non-local means for multiview image denoising: Searching for the right patches via a statistical approach},
	author={Luo, Enming and Chan, Stanley H and Pan, Shengjun and Nguyen, Truong Q},
	booktitle={Image Processing (ICIP), 2013 20th IEEE International Conference on},
	pages={543--547},
	year={2013},
	organization={IEEE}
}
@article{Agrawal:2005:RPA,
	title={Removing photography artifacts using gradient projection and flash-exposure sampling},
	author={Agrawal, Amit and Raskar, Ramesh and Nayar, Shree K and Li, Yuanzhen},
	journal={ACM Transactions on Graphics (Proceddings SIGGRAPH 2005)},
	volume={24},
	number={3},
	pages={828--835},
	year={2005},
	publisher={ACM}
}



@article{Eisemann:2004:FPE,
	title={Flash photography enhancement via intrinsic relighting},
	author={Eisemann, Elmar and Durand, Fr{\'e}do},
	journal={ACM transactions on graphics (Proceddings SIGGRAPH 2004)},
	volume={23},
	number={3},
	pages={673--678},
	year={2004},
	organization={ACM}
}


@article{Yuan:2007:IDB,
 author = {Yuan, Lu and Sun, Jian and Quan, Long and Shum, Heung-Yeung},
 title = {Image Deblurring with Blurred/Noisy Image Pairs},
 journal = {ACM transactions on graphics (Proceedings SIGGRAPH 2007 )},
 issue_date = {July 2007},
 volume = {26},
 number = {3},
 month = jul,
 year = {2007},
 issn = {0730-0301},
 articleno = {1},
 url = {http://doi.acm.org/10.1145/1276377.1276379},
 doi = {10.1145/1276377.1276379},
 acmid = {1276379},
 publisher = {ACM},
 address = {New York, NY, USA},
} 

@inproceedings{Buades:2009:NOTE,
	title={A note on multi-image denoising},
	author={Buades, Toni and Lou, Yifei and Morel, Jean-Michel and Tang, Zhongwei},
	booktitle={Local and Non-Local Approximation in Image Processing, 2009. LNLA 2009. International Workshop on},
	pages={1--15},
	year={2009},
	organization={IEEE}
}

@inproceedings{Zhang:2009:MID,
	title={Multiple view image denoising},
	author={Zhang, Li and Vaddadi, Sundeep and Jin, Hailin and Nayar, Shree K},
	booktitle={Computer Vision and Pattern Recognition, 2009. CVPR 2009. IEEE Conference on},
	pages={1542--1549},
	year={2009},
	organization={IEEE}
}



@inproceedings{Chatterjee:2011:Noise,
	title={Noise suppression in low-light images through joint denoising and demosaicing},
	author={Chatterjee, Priyam and Joshi, Neel and Kang, Sing Bing and Matsushita, Yasuyuki},
	booktitle={Computer Vision and Pattern Recognition (CVPR), 2011 IEEE Conference on},
	pages={321--328},
	year={2011},
	organization={IEEE}
}

@article{Baker:2011:Database,
	title={A database and evaluation methodology for optical flow},
	author={Baker, Simon and Scharstein, Daniel and Lewis, JP and Roth, Stefan and Black, Michael J and Szeliski, Richard},
	journal={International Journal of Computer Vision},
	volume={92},
	number={1},
	pages={1--31},
	year={2011},
	publisher={Springer}
}


@inproceedings{Lucas:1981:IIR,
	title={An iterative image registration technique with an application to stereo vision},
	author={Lucas, Bruce D and Kanade, Takeo and others},	booktitle={Proceedings of the 1981 DARPA Image Understanding Workshop},
	year={1981},
}


@article{Liu:2011:SIFT,
	title={SIFT Flow: Dense Correspondence across Scenes and Its Applications},
	author={Liu, Ce and Yuen, Jenny and Torralba, Antonio},
	journal={IEEE Transactions on Pattern Analysis and Machine Intelligence},
	volume={33},
	number={5},
	pages={978--994},
	year={2011},
	publisher={IEEE}
}


@phdthesis{Liu:2009:BP,
	title={Beyond pixels: exploring new representations and applications for motion analysis},
	author={Liu, Ce and others},
	year={2009},
	school={Massachusetts Institute of Technology}
}
\begin{filecontents}{egbib.bib}
@misc{DCraw,
	title = {Decoding raw digital photos in Linux},
	howpublished = {\url{https://www.cybercom.net/~dcoffin/dcraw/}},
	author = {Coffin,Dave},
	note = {Accessed: 2018-03-14}
}
\end{filecontents}
\begin{filecontents}{egbib.bib}
@misc{ptgrey,
	title = {{BFS-U3-04S2} {EMVA} Imaging Performance Specification},
	howpublished = {\url{https://www.ptgrey.com/support/downloads/10917}},
	note = {Accessed: 2018-03-13}
}
\end{filecontents}

@article{Venkataraman:2013:PUH,
	author = {Venkataraman, Kartik and Lelescu, Dan and Duparr{\'e}, Jacques and McMahon, Andrew and Molina, Gabriel and Chatterjee, Priyam and Mullis, Robert and Nayar, Shree},
	title = {PiCam: An Ultra-thin High Performance Monolithic Camera Array},
	journal = {ACM transactions on graphics (TOG)},
	issue_date = {November 2013},
	volume = {32},
	number = {6},
	month = nov,
	year = {2013},
	issn = {0730-0301},
	pages = {166:1--166:13},
	articleno = {166},
	numpages = {13},
	url = {http://doi.acm.org/10.1145/2508363.2508390},
	doi = {10.1145/2508363.2508390},
	acmid = {2508390},
	publisher = {ACM},
	address = {New York, NY, USA},
	keywords = {array camera, computational camera, depth map, light field, parallax detection, plenoptic acquisition, superresolution},
} 


@article{He:2013:GIF,
	title={Guided image filtering},
	author={He, Kaiming and Sun, Jian and Tang, Xiaoou},
	journal={IEEE transactions on pattern analysis and machine intelligence},
	volume={35},
	number={6},
	pages={1397--1409},
	year={2013},
	publisher={IEEE}
}


@inproceedings{Sun:2017:ICCV,
  author = {Sun, Tiancheng and Peng, Yifan and Heidrich, Wolfgang},
  title = {Revisiting Cross-Channel Information Transfer for Chromatic Aberration Correction},
  booktitle = {The IEEE International Conference on Computer Vision (ICCV)},
  month = {Oct},
  year = {2017}
}



@article{Mac:2013:LCM,
  title={Learning a confidence measure for optical flow},
  author={Mac Aodha, Oisin and Humayun, Ahmad and Pollefeys, Marc and Brostow, Gabriel J},
  journal={IEEE transactions on pattern analysis and machine intelligence},
  volume={35},
  number={5},
  pages={1107--1120},
  year={2013},
  publisher={IEEE}
}

@inproceedings{Danielyan:2009:BM3DCFA,
  title={Cross-color BM3D filtering of noisy raw data},
  author={Danielyan, Aram and Vehvilainen, Markku and Foi, Alessandro and Katkovnik, Vladimir and Egiazarian, Karen},
  booktitle={Local and Non-Local Approximation in Image Processing, 2009. LNLA 2009. International Workshop on},
  pages={125--129},
  year={2009},
  organization={IEEE}
}

@article{Matzen:2017:360,
  title={Low-cost 360 stereo photography and video capture},
  author={Matzen, Kevin and Cohen, Michael F and Evans, Bryce and Kopf, Johannes and Szeliski, Richard},
  journal={ACM Transactions on Graphics  (Proceedings SIGGRAPH 2017)},
  volume={36},
  number={4},
  pages={148},
  year={2017},
  publisher={ACM}
}


@article{Lowe:2004:SIFT,
  title={Distinctive image features from scale-invariant keypoints},
  author={Lowe, David G},
  journal={International journal of computer vision},
  volume={60},
  number={2},
  pages={91--110},
  year={2004},
  publisher={Springer}
}

@inproceedings{Dollar:2013:SDE,
  title={Structured forests for fast edge detection},
  author={Doll{\'a}r, Piotr and Zitnick, C Lawrence},
  booktitle={Computer Vision (ICCV), 2013 IEEE International Conference on},
  pages={1841--1848},
  year={2013},
  organization={IEEE}
}

@article{Wang:2004:IQA,
  title={Image quality assessment: from error visibility to structural similarity},
  author={Wang, Zhou and Bovik, Alan C and Sheikh, Hamid R and Simoncelli, Eero P},
  journal={IEEE transactions on image processing},
  volume={13},
  number={4},
  pages={600--612},
  year={2004},
  publisher={IEEE}
}



@article{Horn:1981:DOF,
  title={Determining optical flow},
  author={Horn, Berthold KP and Schunck, Brian G},
  journal={Artificial intelligence},
  volume={17},
  number={1-3},
  pages={185--203},
  year={1981},
  publisher={Elsevier}
}


@article{Zimmer:2011:OFH,
 author = {Zimmer, Henning and Bruhn, Andr{\'e}s and Weickert, Joachim},
 title = {Optic Flow in Harmony},
 journal = {Int. J. Comput. Vision},
 issue_date = {July      2011},
 volume = {93},
 number = {3},
 month = jul,
 year = {2011},
 issn = {0920-5691},
 pages = {368--388},
 numpages = {21},
 url = {http://dx.doi.org/10.1007/s11263-011-0422-6},
 doi = {10.1007/s11263-011-0422-6},
 acmid = {1969711},
 publisher = {Kluwer Academic Publishers},
 address = {Hingham, MA, USA},
 keywords = {Anisotropic smoothing, Motion tensor, Optic flow, Parameter selection, Robust penalisation, Variational methods},
}


@inproceedings{Weinzaepfel:2013:DFLOW,
  AUTHOR = {Weinzaepfel, Philippe and Revaud, Jerome and Harchaoui, Zaid and Schmid, Cordelia},
  TITLE = {{DeepFlow: Large displacement optical flow with deep matching}},
  BOOKTITLE = {{IEEE Intenational Conference on Computer Vision (ICCV)}},
  YEAR = {2013},
  MONTH = Dec,
  ADDRESS = {Sydney, Australia},
  URL = {http://hal.inria.fr/hal-00873592}
}



@inproceedings{revaud:2015:FLOW,
  TITLE = {{EpicFlow: Edge-Preserving Interpolation of Correspondences for Optical Flow}},
  AUTHOR = {Revaud, Jerome and Weinzaepfel, Philippe and Harchaoui, Zaid and Schmid, Cordelia},
  BOOKTITLE = {{Computer Vision and Pattern Recognition}},
  YEAR = {2015}
}

@article{deng:2001:USCT,
  title={Unsupervised segmentation of color-texture regions in images and video},
  author={Deng, Yining and Manjunath, BS},
  journal={IEEE transactions on pattern analysis and machine intelligence},
  volume={23},
  number={8},
  pages={800--810},
  year={2001},
  publisher={IEEE}
}


@article{Heide:2013:HCI,
 author = {Heide, Felix and Rouf, Mushfiqur and Hullin, Matthias B. and Labitzke, Bjorn and Heidrich, Wolfgang and Kolb, Andreas},
 title = {High-quality Computational Imaging Through Simple Lenses},
 journal = {ACM Transactions on Graphics (Proceedings SIGGRAPH 2013)},
 issue_date = {September 2013},
 volume = {32},
 number = {5},
 month = oct,
 year = {2013},
 issn = {0730-0301},
 pages = {149:1--149:14},
 articleno = {149},
 numpages = {14},
 url = {http://doi.acm.org/10.1145/2516971.2516974},
 doi = {10.1145/2516971.2516974},
 acmid = {2516974},
 publisher = {ACM},
 address = {New York, NY, USA},
 keywords = {Computational photography, deconvolution, optics, optimization}
}

@article{Parikh:2014:PA,
 author = {Parikh, Neal and Boyd, Stephen},
 title = {Proximal Algorithms},
 journal = {Found. Trends Optim.},
 issue_date = {January 2014},
 volume = {1},
 number = {3},
 month = jan,
 year = {2014},
 issn = {2167-3888},
 pages = {127--239},
 numpages = {113},
 url = {http://dx.doi.org/10.1561/2400000003},
 doi = {10.1561/2400000003},
 acmid = {2693613},
 publisher = {Now Publishers Inc.},
 address = {Hanover, MA, USA}
} 

@article{Liu:2014:BD,
 author = {Liu, Ziwei and Yuan, Lu and Tang, Xiaoou and Uyttendaele, Matt and Sun, Jian},
 title = {Fast Burst Images Denoising},
 journal = {ACM Transaction on Graphics (Proceedings SIGGRAPH Asia 2014 )},
 issue_date = {November 2014},
 volume = {33},
 number = {6},
 month = nov,
 year = {2014},
 issn = {0730-0301},
 pages = {232:1--232:9},
 articleno = {232},
 numpages = {9},
 url = {http://doi.acm.org/10.1145/2661229.2661277},
 doi = {10.1145/2661229.2661277},
 acmid = {2661277},
 publisher = {ACM},
 address = {New York, NY, USA},
 keywords = {burst images, denoising, ghost-free, homography flow}
} 

@inproceedings{Li:2016:DJF,
    author = {Li, Yijun and Huang, Jia-Bin and Ahuja Narendra and Yang, Ming-Hsuan},
    title = {Deep Joint Image Filtering},
    booktitle = {European Conference on Computer Vision},
    year = {2016}
}

@inproceedings{Plotz:2017:BDRP, 
author={T. Pl\"{o}tz and S. Roth}, 
booktitle={2017 IEEE Conference on Computer Vision and Pattern Recognition (CVPR)}, 
title={Benchmarking Denoising Algorithms with Real Photographs}, 
year={2017}, 
volume={}, 
number={}, 
pages={2750-2759}, 
keywords={Gaussian noise;cameras;image capture;image denoising;regression analysis;DND;Darmstadt noise dataset;Gaussian noise;ISO values;benchmark dataset;benchmarking denoising algorithms;capture pairs;exposure parameters;exposure times;heteroscedastic Tobit regression model;image denoising techniques;linear intensity;nearly noise-free low-ISO image;real photographs;realistic evaluation scenarios;realistic ground truth data;residual low-frequency bias;spatial misalignment;synthetic noise;Benchmark testing;Cameras;Gaussian noise;ISO;Noise measurement;Noise reduction;Protocols}, 
doi={10.1109/CVPR.2017.294}, 
ISSN={1063-6919}, 
month={July},}

@inproceedings{Jeon:2016:colorization, 
author={H. G. Jeon and J. Y. Lee and S. Im and H. Ha and I. S. Kweon}, 
booktitle={2016 IEEE Conference on Computer Vision and Pattern Recognition (CVPR)}, 
title={Stereo Matching with Color and Monochrome Cameras in Low-Light Conditions}, 
year={2016}, 
volume={}, 
number={}, 
pages={4086-4094}, 
keywords={cameras;image colour analysis;image matching;stereo image processing;color-filtered cameras;consumer devices;cross-spectral images;depth estimation;depth map;depth sensing capability;depth-aware image processing;high-quality images;imaging quality;low-light conditions;monochrome camera pair;monochrome cameras;radiometric difference;stereo cameras;stereo matching method;Cameras;Color;Colored noise;Estimation;Image color analysis;Radiometry;Reliability}, 
doi={10.1109/CVPR.2016.443}, 
ISSN={}, 
month={June}
}

@inproceedings{Tang:2015:RGB-IR, 
author={H. Tang and X. Zhang and S. Zhuo and F. Chen and K. N. Kutulakos and L. Shen}, 
booktitle={2015 IEEE International Conference on Computational Photography (ICCP)}, 
title={High Resolution Photography with an RGB-Infrared Camera}, 
year={2015}, 
volume={}, 
number={}, 
pages={1-10}, 
keywords={colour photography;image colour analysis;image resolution;image restoration;image segmentation;infrared imaging;RGB-IR camera;RGB-infrared camera;RGB-infrared photography;channel deblurring;channel separation;high resolution photography;image formation model;pixel demosaicing;quadratic image regularizer;restoration problem;Cameras;Crosstalk;Image color analysis;Image restoration;Kernel;Lenses;Sensors}, 
doi={10.1109/ICCPHOT.2015.7168367}, 
ISSN={}, 
month={April}
}

@article{Holloway:2014:cross-channel, 
author={J. Holloway and K. Mitra and S. J. Koppal and A. N. Veeraraghavan}, 
journal={IEEE Transactions on Image Processing}, 
title={Generalized Assorted Camera Arrays: Robust Cross-Channel Registration and Applications}, 
year={2015}, 
volume={24}, 
number={3}, 
pages={823-835}, 
keywords={cameras;filtering theory;geometry;image matching;image registration;image sensors;sensor arrays;GAC array;GAP;color + near infrared;cross-channel matching cost function;cross-channel normalized gradient cost;cross-channel subpixel correspondence;depth information;flexible application-dependent imaging;generalized assorted camera array;generalized assorted pixel;hyperspectral imaging;image sensor array;multimodal filter;multimodal imaging technique;multimodal registration error;mutual information approach;nontrivial geometry;normalized gradient alignment;postcapture refocusing application;robust cross-channel registration;semiconductor fabrication processing;skin perfusion imaging;sum-of-absolute difference approach;sum-of-squared difference approach;Cameras;Hyperspectral imaging;Image color analysis;Spatial resolution;Stereo vision;infrared imaging;multispectral imaging}, 
doi={10.1109/TIP.2014.2383315}, 
ISSN={1057-7149}, 
month={March}
}

@phdthesis{Li:2011:hybrid,
	title={A Hybrid Camera System for Low-Light Imaging},
	author={Li, Feng},
	year={2011},
	school={University of Delaware}
}

@INPROCEEDINGS{Yamashita:2015:RGB-NIR, 
	author={H. Yamashita and D. Sugimura and T. Hamamoto}, 
	booktitle={2015 Visual Communications and Image Processing (VCIP)}, 
	title={Enhancing low-light color images using an RGB-NIR single sensor}, 
	year={2015}, 
	volume={}, 
	number={}, 
	pages={1-4}, 
	keywords={image colour analysis;image denoising;image enhancement;image restoration;image sensors;low-light color image enhancement;RGB-NIR single sensor;NIR information;near-infrared information;red green blue information;image restoration;multispectral data;image demosaicking;image denoising technique;Color;Noise reduction;Imaging;Image restoration;Image reconstruction;Sensitivity;Image color analysis;demosaicking;denoising;low-light scene;RGB-NIR single sensor}, 
	doi={10.1109/VCIP.2015.7457844}, 
	ISSN={}, 
	month={Dec},}
@article{Jee:2018:RGB-W,
	title={Sensitivity and Resolution Improvement in RGBW Color Filter Array Sensor},
	author={Jee, Seunghoon and Song, Ki Sun and Kang, Moon Gi},
	journal={Sensors},
	volume={18},
	number={5},
	pages={1647},
	year={2018},
	publisher={Multidisciplinary Digital Publishing Institute}
}